<record><leader>00000cas a22000007a 4500</leader><controlfield tag="001">13202275</controlfield><controlfield tag="008">860226d18811888pauwr ne      0    0eng d</controlfield><datafield ind1=" " ind2=" " tag="010"><subfield code="a">sn 86081134 </subfield></datafield><datafield ind1=" " ind2=" " tag="040"><subfield code="a">NPH</subfield><subfield code="b">eng</subfield><subfield code="c">NPH</subfield><subfield code="d">MGN</subfield><subfield code="d">OCLCQ</subfield></datafield><datafield ind1=" " ind2=" " tag="042"><subfield code="a">msc</subfield></datafield><datafield ind1="0" ind2=" " tag="130"><subfield code="a">Blossburg register (Blossburg, Pa. : 1881)</subfield></datafield><datafield ind1="1" ind2="4" tag="245"><subfield code="a">The Blossburg register.</subfield></datafield><datafield ind1=" " ind2=" " tag="260"><subfield code="a">Blossburg, Tioga Co., Pa. :</subfield><subfield code="b">Havens &amp; Co.</subfield></datafield><datafield ind1=" " ind2=" " tag="300"><subfield code="a">v. :</subfield><subfield code="b">ill. (chiefly advertisements) ;</subfield><subfield code="c">61-68 cm.</subfield></datafield><datafield ind1=" " ind2=" " tag="310"><subfield code="a">Weekly</subfield></datafield><datafield ind1="1" ind2=" " tag="362"><subfield code="a">Began in 1881? Ceased in 1888?</subfield></datafield><datafield ind1=" " ind2=" " tag="500"><subfield code="a">Publishers: A.G. and C.B. Ball, &lt;Aug. 7, 1884&gt;; F.J. Cutter, &lt;Oct. 12, 1888&gt;.</subfield></datafield><datafield ind1=" " ind2=" " tag="588"><subfield code="a">Description based on: Vol. 3, no. 15 (Aug. 19, 1881).</subfield></datafield><datafield ind1=" " ind2=" " tag="752"><subfield code="a">United States</subfield><subfield code="b">Pennsylvania</subfield><subfield code="c">Tioga</subfield><subfield code="d">Blossburg.</subfield></datafield><datafield ind1="0" ind2="0" tag="780"><subfield code="t">Blossburg industrial register</subfield><subfield code="w">(DLC)sn 86081810</subfield><subfield code="w">(OCoLC)13592560</subfield></datafield><datafield ind1="0" ind2="0" tag="785"><subfield code="t">Blossburg advertiser</subfield><subfield code="w">(DLC)sn 86081135</subfield></datafield></record>